@misc{agnihotri2023,
	author = {Agnihotri, NG},
	title = {Agnihotri, N},
	year = {2023},
	howpublished = {\href{https://www.engineersgarage.com/what-is-the-1-wire-protocol/}{En LÃ­nea}},
	note = {Recuperado el 9 de Mayo de 2024}
}
